% This file was created with Citavi 6.14.0.0

@proceedings{.2011,
 year = {2011},
 title = {20th USENIX Security Symposium (USENIX Security 11)},
 address = {San Francisco, CA},
 publisher = {{USENIX Association}}
}


@inproceedings{Checkoway.2011,
 author = {Checkoway, Stephen and McCoy, Damon and Kantor, Brian and Anderson, Danny and Shacham, Hovav and Savage, Stefan and Koscher, Karl and Czeskis, Alexei and Roesner, Franziska and Kohno, Tadayoshi},
 title = {Comprehensive Experimental Analyses of Automotive Attack Surfaces},
 url = {https://www.usenix.org/conference/usenix-security-11/comprehensive-experimental-analyses-automotive-attack-surfaces},
 publisher = {{USENIX Association}},
 booktitle = {20th USENIX Security Symposium (USENIX Security 11)},
 year = {2011},
 address = {San Francisco, CA},
 file = {Checkoway{\_}AutomotiveAttackSurfaces:Attachments/Checkoway{\_}AutomotiveAttackSurfaces.pdf:application/pdf}
}


@misc{Greenberg.2015,
 author = {Greenberg, Andy},
 year = {2015},
 title = {Hackers Remotely Kill a Jeep on the Highway - With Me in It},
 url = {https://www.wired.com/2015/07/hackers-remotely-kill-jeep-highway/},
 urldate = {2023-01-04}
}


@article{MillerCharlie.2019,
 author = {{Miller Charlie}},
 year = {2019},
 title = {Lessons learned from hacking a car},
 pages = {7--9},
 volume = {36},
 number = {6},
 journal = {IEEE Design {\&} Test},
 doi = {10.1109/MDAT.2018.2863106}
}


@misc{Statista.2022,
 author = {Statista},
 year = {2022},
 title = {Besitz eines Pkw in Deutschland im Jahr 2022},
 url = {https://de.statista.com/prognosen/999770/deutschland-besitz-eines-pkw},
 urldate = {2023-01-04}
}


@book{Wurm.2022,
 author = {Wurm, Manuel},
 year = {2022},
 title = {Automotive Cybersecurity},
 keywords = {Begriffserkl{\"a}rungen {\&} Grundlagen (1);Best Practises (2);Mehrschichtige Verteidigung (2)},
 publisher = {{Springer Berlin Heidelberg}},
 isbn = {978-3-662-64227-6},
 file = {Wurm{\_}ACS{\_}Grundlagen:Attachments/Wurm{\_}ACS{\_}Grundlagen.pdf:application/pdf;Wurm{\_}ACS{\_}Security-Strategie:Attachments/Wurm{\_}ACS{\_}Security-Strategie.pdf:application/pdf}
}


